@Article{Yao2013,
author={Yao, Y.
and Lu, W. L.
and Xu, B.
and Li, C. B.
and Lin, C. P.
and Waxman, D.
and Feng, J. F.},
title={The Increase of the Functional Entropy of the Human Brain with Age},
journal={Scientific Reports},
year={2013},
month={Oct},
day={09},
publisher={The Author(s) SN  -},
volume={3},
pages={2853 EP  -},
note={Article},
url={http://dx.doi.org/10.1038/srep02853}
}

@Article{Li2016,
author={Li, Zhengjun
and Fang, Zhuo
and Hager, Nathan
and Rao, Hengyi
and Wang, Ze},
title={Hyper-resting brain entropy within chronic smokers and its moderation by Sex},
journal={Scientific Reports},
year={2016},
month={Jul},
day={05},
publisher={The Author(s) SN  -},
volume={6},
pages={29435 EP  -},
note={Article},
url={http://dx.doi.org/10.1038/srep29435}
}

@Article{Nicolini2016,
author={Nicolini, Carlo
and Bifone, Angelo},
title={Modular structure of brain functional networks: breaking the resolution limit by Surprise},
journal={Scientific Reports},
year={2016},
month={Jan},
day={14},
publisher={The Author(s) SN  -},
volume={6},
pages={19250 EP  -},
note={Article},
url={http://dx.doi.org/10.1038/srep19250}
}

@Article{Gastner2016,
author={Gastner, Michael T.
and {\'O}dor, G{\'e}za},
title={The topology of large Open Connectome networks for the human brain},
journal={Scientific Reports},
year={2016},
month={Jun},
day={07},
publisher={The Author(s) SN  -},
volume={6},
pages={27249 EP  -},
note={Article},
url={http://dx.doi.org/10.1038/srep27249}
}

@Article{Guryanova2016,
author={Guryanova, Yelena
and Popescu, Sandu
and Short, Anthony J.
and Silva, Ralph
and Skrzypczyk, Paul},
title={Thermodynamics of quantum systems with multiple conserved quantities},
journal={Nature Communications},
year={2016},
month={Jul},
day={07},
publisher={The Author(s) SN  -},
volume={7},
pages={12049 EP  -},
note={Article},
url={http://dx.doi.org/10.1038/ncomms12049}
}

@Article{Grandy2016,
author={Grandy, Thomas H.
and Garrett, Douglas D.
and Schmiedek, Florian
and Werkle-Bergner, Markus},
title={On the estimation of brain signal entropy from sparse neuroimaging data},
journal={Scientific Reports},
year={2016},
month={Mar},
day={29},
publisher={The Author(s) SN  -},
volume={6},
pages={23073 EP  -},
note={Article},
url={http://dx.doi.org/10.1038/srep23073}
}

@Article{Zamora-Lopez2016,
author={Zamora-LÃ³pez, Gorka
and Chen, Yuhan
and Deco, Gustavo
and Kringelbach, Morten L.
and Zhou, Changsong},
title={Functional complexity emerging from anatomical constraints in the brain: the significance of network modularity and rich-clubs},
journal={Scientific Reports},
year={2016},
month={Dec},
day={05},
publisher={The Author(s) SN  -},
volume={6},
pages={38424 EP  -},
note={Article},
url={http://dx.doi.org/10.1038/srep38424}
}

@Article{Hassan2016,
author={Hassan, Islam
and Kotrotsou, Aikaterini
and Bakhtiari, Ali Shojaee
and Thomas, Ginu A.
and Weinberg, Jeffrey S.
and Kumar, Ashok J.
and Sawaya, Raymond
and Luedi, Markus M.
and Zinn, Pascal O.
and Colen, Rivka R.},
title={Radiomic Texture Analysis Mapping Predicts Areas of True Functional MRI Activity},
journal={Scientific Reports},
year={2016},
month={May},
day={06},
publisher={The Author(s) SN  -},
volume={6},
pages={25295 EP  -},
note={Article},
url={http://dx.doi.org/10.1038/srep25295}
}

@Article{Watanabe2013,
author={Watanabe, Takamitsu
and Hirose, Satoshi
and Wada, Hiroyuki
and Imai, Yoshio
and Machida, Toru
and Shirouzu, Ichiro
and Konishi, Seiki
and Miyashita, Yasushi
and Masuda, Naoki},
title={A pairwise maximum entropy model accurately describes resting-state human brain networks},
journal={Nature Communications},
year={2013},
month={Jan},
day={22},
publisher={The Author(s) SN  -},
volume={4},
pages={1370 EP  -},
note={Article},
url={http://dx.doi.org/10.1038/ncomms2388}
}

@Article{Radulescu2013,
author={Radulescu, E.
and Ganeshan, B.
and Minati, L.
and Beacher, F. D. C. C.
and Gray, M. A.
and Chatwin, C.
and Young, R. C. D.
and Harrison, N. A.
and Critchley, H. D.},
title={Gray matter textural heterogeneity as a potential in-vivo biomarker of fine structural abnormalities in Asperger syndrome},
journal={Pharmacogenomics J},
year={2013},
month={Feb},
publisher={Macmillan Publishers Limited},
volume={13},
number={1},
pages={70-79},
issn={1470-269X},
url={http://dx.doi.org/10.1038/tpj.2012.3}
}

@Article{Politis2014,
author={Politis, Marios},
title={Neuroimaging in Parkinson disease: from research setting to clinical practice},
journal={Nat Rev Neurol},
year={2014},
month={Dec},
publisher={Nature Publishing Group, a division of Macmillan Publishers Limited. All Rights Reserved.},
volume={10},
number={12},
pages={708-722},
note={Review},
issn={1759-4758},
url={http://dx.doi.org/10.1038/nrneurol.2014.205}
}